@book{liu,
    author={Bing Liu},
    title={Web data mining: exploring hyperlinks, contents, and usage data.},
    year={2007},
    publisher={Springer},
    address={London, NY}
}

@book{nielsen,
    title={Usability Inspection Methods},
    author={Jakob Nielsen},
    publisher={John Wiley & Sons},
    address={New York, NY},
    year={1994}
}

@book{lobos,
    title={Encantando o cliente: externo e interno},
    author={Julio Lobos},
    address={SÃ£o Paulo},
    publisher={J. Lobos},
    year={1993}
}
@misc{salerno2006method,
  title={Method and apparatus for improved web scraping},
  author={Salerno, John J and Boulware, Douglas M},
  year={2006},
  publisher={Google Patents}
}

@article{garvin,
    year=1984,
    author={David Garvin},
    publisher={Sloan Management Review},
    title={What Does ``Product Quality'' Really Mean?},
    pages={25--45}
 
}
